@article {carleoSolvingQuantumManybody2017,
	author = {Carleo, Giuseppe and Troyer, Matthias},
	title = {Solving the quantum many-body problem with artificial neural networks},
	volume = {355},
	number = {6325},
	pages = {602--606},
	year = {2017},
	doi = {10.1126/science.aag2302},
	publisher = {American Association for the Advancement of Science},
	issn = {0036-8075},
	URL = {http://science.sciencemag.org/content/355/6325/602},
	eprint = {http://science.sciencemag.org/content/355/6325/602.full.pdf},
	journal = {Science}
}

@article{DalfString,
  title = {Bosons in anisotropic traps: Ground state and vortices},
  author = {Dalfovo, F. and Stringari, S.},
  journal = {Phys. Rev. A},
  volume = {53},
  issue = {4},
  pages = {2477--2485},
  numpages = {0},
  year = {1996},
  month = {Apr},
  publisher = {American Physical Society},
  doi = {10.1103/PhysRevA.53.2477},
  url = {https://link.aps.org/doi/10.1103/PhysRevA.53.2477}
}


@BOOK{Stringari,
	author = "Lev Petrovich Pitaevskiĭ and Sandro Stringari", 
       title = "Bose-Einstein Condensation and Superfluidity",
       year = "2016", 
       publisher = "Oxford University Press"}
}

@book{pethick_smith_2008, place={Cambridge}, edition={2}, title={Bose–Einstein Condensation in Dilute Gases}, DOI={10.1017/CBO9780511802850}, publisher={Cambridge University Press}, author={Pethick, C. J. and Smith, H.}, year={2008}}

@article{vmcarticle,
  title = {Bose-Einstein condensation in trapped bosons:  A variational Monte Carlo analysis},
  author = {DuBois, J. L. and Glyde, H. R.},
  journal = {Phys. Rev. A},
  volume = {63},
  issue = {2},
  pages = {023602},
  numpages = {10},
  year = {2001},
  month = {Jan},
  publisher = {American Physical Society},
  doi = {10.1103/PhysRevA.63.023602},
  url = {https://link.aps.org/doi/10.1103/PhysRevA.63.023602}
}

@article{Giorgini,
  title = {Ground state of a homogeneous Bose gas: A diffusion Monte Carlo calculation},
  author = {Giorgini, S. and Boronat, J. and Casulleras, J.},
  journal = {Phys. Rev. A},
  volume = {60},
  issue = {6},
  pages = {5129--5132},
  numpages = {0},
  year = {1999},
  month = {Dec},
  publisher = {American Physical Society},
  doi = {10.1103/PhysRevA.60.5129},
  url = {https://link.aps.org/doi/10.1103/PhysRevA.60.5129}
}

@article{Gruter,
  title = {Critical Temperature of Bose-Einstein Condensation of Hard-Sphere Gases},
  author = {Gr\"uter, Peter and Ceperley, David and Lalo\"e, Frank},
  journal = {Phys. Rev. Lett.},
  volume = {79},
  issue = {19},
  pages = {3549--3552},
  numpages = {0},
  year = {1997},
  month = {Nov},
  publisher = {American Physical Society},
  doi = {10.1103/PhysRevLett.79.3549},
  url = {https://link.aps.org/doi/10.1103/PhysRevLett.79.3549}
}


@article{vortices,
  title = {Vortices in atomic Bose-Einstein condensates in the large-gas-parameter region},
  author = {Nilsen, J. K. and Mur-Petit, J. and Guilleumas, M. and Hjorth-Jensen, M. and Polls, A.},
  journal = {Phys. Rev. A},
  volume = {71},
  issue = {5},
  pages = {053610},
  numpages = {7},
  year = {2005},
  month = {May},
  publisher = {American Physical Society},
  doi = {10.1103/PhysRevA.71.053610},
  url = {https://link.aps.org/doi/10.1103/PhysRevA.71.053610}
}

@BOOK{ morten_book,
       author = "Jensen, Morten Hjorth", 
       title = "Computational Physics",
       subtitle = " Lecture Notes Fall 2015",
       year = "2015", 
       journal = "Department of Physics, University of Oslo"}
      

article{dainese_infn_2016,
	title = {{INFN} What Next: Ultra-relativistic Heavy-Ion Collisions},
	shorttitle = {{INFN} What Next},
	author = {A.Dainese et al.},
	date = {2016}
}

@BOOK{marius,
  author        = "Jonsson, Marius",
  title         = "Lecture notes for Blocking method",
  month         = "March",
  year          = "2018",
  url   = {http://folk.uio.no/mariujon/lecture.pdf}
}

@book{Xbook,
    author    = "",
    title     = "",
    publisher = "",
    %volume   = "",
    %number   = "",
    %series   = "",
    %address  = "",
    %edition  = "",
    year      = "XXXX",
    %month    = "",
    %note     = "",
}

article{bogner_low-momentum_2010,
	title = {From low-momentum interactions to nuclear structure},
	volume = {65},
	issn = {01466410},
	url = {http://linkinghub.elsevier.com/retrieve/pii/S0146641010000347},
	doi = {10.1016/j.ppnp.2010.03.001},
	pages = {94--147},
	number = {1},
	journaltitle = {Progress in Particle and Nuclear Physics},
	author = {Bogner, S.K. and Furnstahl, R.J. and Schwenk, A.},
	urldate = {2018-04-25},
	date = {2010-07},
	langid = {english}
}







BibTeX | EndNote | ACM Ref


